[gd_scene load_steps=5 format=2]

[ext_resource path="res://levels/level2/objetos/Barreras/Barrera.gd" type="Script" id=1]
[ext_resource path="res://levels/level2/objetos/Barreras/Barrera.png" type="Texture" id=2]
[ext_resource path="res://objetos/Extras/BloqueIndividual/BloqueIndividual.tscn" type="PackedScene" id=3]
[ext_resource path="res://effects/Humos/Humito/Humito.tscn" type="PackedScene" id=4]





[node name="Barrera" type="Node2D" index="0"]

script = ExtResource( 1 )

[node name="Piezas" type="Node2D" parent="." index="0"]

editor/display_folded = true

[node name="Sprite" type="Sprite" parent="Piezas" index="0"]

editor/display_folded = true
position = Vector2( 8, 40 )
texture = ExtResource( 2 )
vframes = 3
hframes = 3
frame = 6
_sections_unfolded = [ "Animation" ]

[node name="BloqueIndividual9" parent="Piezas/Sprite" index="0" instance=ExtResource( 3 )]

[node name="Sprite2" type="Sprite" parent="Piezas" index="1"]

editor/display_folded = true
position = Vector2( 8, 24 )
texture = ExtResource( 2 )
vframes = 3
hframes = 3
frame = 3
_sections_unfolded = [ "Animation" ]

[node name="BloqueIndividual8" parent="Piezas/Sprite2" index="0" instance=ExtResource( 3 )]

[node name="Sprite3" type="Sprite" parent="Piezas" index="2"]

editor/display_folded = true
position = Vector2( 8, 8 )
texture = ExtResource( 2 )
vframes = 3
hframes = 3
_sections_unfolded = [ "Animation" ]

[node name="BloqueIndividual7" parent="Piezas/Sprite3" index="0" instance=ExtResource( 3 )]

[node name="Timer" type="Timer" parent="." index="1"]

process_mode = 1
wait_time = 0.41
one_shot = true
autostart = false

[node name="Humito" parent="." index="2" instance=ExtResource( 4 )]

visible = false

[node name="Area2D" type="Area2D" parent="." index="3"]

editor/display_folded = true
input_pickable = true
gravity_vec = Vector2( 0, 1 )
gravity = 98.0
linear_damp = 0.1
angular_damp = 1.0
audio_bus_override = false
audio_bus_name = "Master"

[node name="CollisionPolygon2D" type="CollisionPolygon2D" parent="Area2D" index="0"]

build_mode = 0
polygon = PoolVector2Array( 0, 0, 16, 0, 16, 48, 0, 48 )

[connection signal="timeout" from="Timer" to="." method="_on_Timer_timeout"]


