[gd_scene load_steps=68 format=2]

[ext_resource path="res://levels/level0/level0.tmx" type="PackedScene" id=1]
[ext_resource path="res://levels/level0/level0.gd" type="Script" id=2]
[ext_resource path="res://levels/level0/level0.material" type="Material" id=3]
[ext_resource path="res://escenas/BaseUnidireccional/BaseUnidireccional.tscn" type="PackedScene" id=4]
[ext_resource path="res://personajes/Vikingos/Skyler/Skyler.tscn" type="PackedScene" id=5]
[ext_resource path="res://personajes/Vikingos/Dave/Dave.tscn" type="PackedScene" id=6]
[ext_resource path="res://personajes/Vikingos/Eddy/Eddy.tscn" type="PackedScene" id=7]
[ext_resource path="res://effects/ParallaxBackground/ParallaxBackground.tscn" type="PackedScene" id=8]
[ext_resource path="res://levels/level0/background.png" type="Texture" id=9]
[ext_resource path="res://escenas/Enemigo/Enemigo.tscn" type="PackedScene" id=10]
[ext_resource path="res://personajes/Enemigos/Caracol/Caracol.tscn" type="PackedScene" id=11]
[ext_resource path="res://personajes/Enemigos/Dino/Dino.tscn" type="PackedScene" id=12]
[ext_resource path="res://effects/Chispas/Chispa2/Chispa2.tscn" type="PackedScene" id=13]
[ext_resource path="res://items/Carne.tscn" type="PackedScene" id=14]
[ext_resource path="res://personajes/NPCs/Familia/Esposa.tscn" type="PackedScene" id=15]
[ext_resource path="res://personajes/NPCs/Familia/Bebe.tscn" type="PackedScene" id=16]
[ext_resource path="res://escenas/GloboText/GloboText.tscn" type="PackedScene" id=17]
[ext_resource path="res://objetos/Barrera/Barrera.tscn" type="PackedScene" id=18]
[ext_resource path="res://levels/level0/barrera.png" type="Texture" id=19]
[ext_resource path="res://objetos/Extras/BloqueIndividual/BloqueIndividual.tscn" type="PackedScene" id=20]
[ext_resource path="res://levels/level0/PersigueCamara.gd" type="Script" id=21]
[ext_resource path="res://imagenes/noche/ZZZ.tscn" type="PackedScene" id=22]
[ext_resource path="res://imagenes/noche/nave.png" type="Texture" id=23]
[ext_resource path="res://imagenes/noche/Estrellitas.tscn" type="PackedScene" id=24]
[ext_resource path="res://personajes/Vikingos/Dave/Dave.png" type="Texture" id=25]
[ext_resource path="res://personajes/Vikingos/Skyler/Skyler.png" type="Texture" id=26]
[ext_resource path="res://personajes/Vikingos/Eddy/Eddy.png" type="Texture" id=27]
[ext_resource path="res://imagenes/noche/luna.png" type="Texture" id=28]
[ext_resource path="res://imagenes/noche/estrella1.png" type="Texture" id=29]
[ext_resource path="res://imagenes/noche/estrella2.png" type="Texture" id=30]
[ext_resource path="res://levels/level0/Suelta.gd" type="Script" id=31]

[sub_resource type="Animation" id=1]

resource_name = "Inicio"
length = 136.55
loop = false
step = 0.05
tracks/0/type = "method"
tracks/0/path = NodePath(".")
tracks/0/interp = 1
tracks/0/loop_wrap = false
tracks/0/imported = false
tracks/0/enabled = true
tracks/0/keys = {
"times": PoolRealArray( 1, 8.2, 15.4, 20.2, 20.3, 25.35, 25.45, 25.55, 26.9, 27.3, 32.1, 36.9, 37, 37.1, 40.65, 41.65, 42.05, 45.4, 49.25, 49.35, 54.35, 54.4, 54.45, 54.95, 55, 56.45, 56.5, 57.65, 57.7, 58, 59.55, 59.65, 64.8, 65, 65.1, 65.65, 66.3, 66.35, 70.5, 72.85, 73.75, 75.95, 78.05, 79.3, 79.6, 79.65, 81.95, 87.3, 87.4, 87.45, 87.95, 88, 88.5, 90.15, 92, 92.2, 92.95, 93.5, 93.55, 93.75, 93.95, 96, 97.1, 97.15, 98.4, 98.6, 98.65, 99.5, 99.55, 100.4, 100.45, 101.1, 102, 102.05, 102.2, 103.9, 103.95, 104, 104.4, 104.45, 104.5, 108.95, 109.1, 109.3, 110.8, 110.85, 117.2, 117.35, 117.55, 120.8, 120.95, 125.75, 130.55, 135.35, 135.55, 136.55 ),
"transitions": PoolRealArray( 1, 1, 1, 1, 1, 1, 1, 1, 1, 1, 1, 1, 1, 1, 1, 1, 1, 1, 1, 1, 1, 1, 1, 1, 1, 1, 1, 1, 1, 1, 1, 1, 1, 1, 1, 1, 1, 1, 1, 1, 1, 1, 1, 1, 1, 1, 1, 1, 1, 1, 1, 1, 1, 1, 1, 1, 1, 1, 1, 1, 1, 1, 1, 1, 1, 1, 1, 1, 1, 1, 1, 1, 1, 1, 1, 1, 1, 1, 1, 1, 1, 1, 1, 1, 1, 1, 1, 1, 1, 1, 1, 1, 1, 1, 1, 1 ),
"values": [ {
"args": [ 1, true ],
"method": "_activar_globo"
}, {
"args": [ 2, false ],
"method": "_activar_globo"
}, {
"args": [ 3, true ],
"method": "_activar_globo"
}, {
"args": [ 0, false ],
"method": "_activar_globo"
}, {
"args": [ "RIGHT", true ],
"method": "_anim_press"
}, {
"args": [ "B", true ],
"method": "_anim_press"
}, {
"args": [ "RIGHT", false ],
"method": "_anim_press"
}, {
"args": [ "B", false ],
"method": "_anim_press"
}, {
"args": [ 2 ],
"method": "_selec_vikingo"
}, {
"args": [ 4, true ],
"method": "_activar_globo"
}, {
"args": [ 5, false ],
"method": "_activar_globo"
}, {
"args": [ 0, false ],
"method": "_activar_globo"
}, {
"args": [ "RIGHT", true ],
"method": "_anim_press"
}, {
"args": [  ],
"method": "_acomodar_caracol"
}, {
"args": [ "RIGHT", false ],
"method": "_anim_press"
}, {
"args": [ 1 ],
"method": "_selec_vikingo"
}, {
"args": [ 6, true ],
"method": "_activar_globo"
}, {
"args": [  ],
"method": "_activar_musculos"
}, {
"args": [ 0, false ],
"method": "_activar_globo"
}, {
"args": [ "RIGHT", true ],
"method": "_anim_press"
}, {
"args": [ "RIGHT", false ],
"method": "_anim_press"
}, {
"args": [ "A", true ],
"method": "_anim_press"
}, {
"args": [ "A", false ],
"method": "_anim_press"
}, {
"args": [ "A", true ],
"method": "_anim_press"
}, {
"args": [ "A", false ],
"method": "_anim_press"
}, {
"args": [ 0 ],
"method": "_selec_vikingo"
}, {
"args": [ "RIGHT", true ],
"method": "_anim_press"
}, {
"args": [ "A", true ],
"method": "_anim_press"
}, {
"args": [ "A", false ],
"method": "_anim_press"
}, {
"args": [ "UP", true ],
"method": "_anim_press"
}, {
"args": [ "UP", true, Vector2( 984, 224 ) ],
"method": "poner_suelta"
}, {
"args": [ Vector2( 1048, 224 ), "RIGHT" ],
"method": "poner_siguiente_suelta"
}, {
"args": [ 2 ],
"method": "_selec_vikingo"
}, {
"args": [ "RIGHT", true ],
"method": "_anim_press"
}, {
"args": [ "UP", true ],
"method": "_anim_press"
}, {
"args": [ "UP", true, Vector2( 992, 40 ) ],
"method": "poner_suelta"
}, {
"args": [ "A", true ],
"method": "_anim_press"
}, {
"args": [ "A", false ],
"method": "_anim_press"
}, {
"args": [ "RIGHT", false ],
"method": "_anim_press"
}, {
"args": [ "RIGHT", true ],
"method": "_anim_press"
}, {
"args": [ "RIGHT", false ],
"method": "_anim_press"
}, {
"args": [ "RIGHT", true ],
"method": "_anim_press"
}, {
"args": [ "RIGHT", false ],
"method": "_anim_press"
}, {
"args": [ 1 ],
"method": "_selec_vikingo"
}, {
"args": [ "RIGHT", true ],
"method": "_anim_press"
}, {
"args": [ "UP", true ],
"method": "_anim_press"
}, {
"args": [ "UP", true, Vector2( 984, 224 ) ],
"method": "poner_suelta"
}, {
"args": [ "RIGHT", false ],
"method": "_anim_press"
}, {
"args": [ "A", true ],
"method": "_anim_press"
}, {
"args": [ "A", false ],
"method": "_anim_press"
}, {
"args": [ "A", true ],
"method": "_anim_press"
}, {
"args": [ "A", false ],
"method": "_anim_press"
}, {
"args": [ "RIGHT", true ],
"method": "_anim_press"
}, {
"args": [ "RIGHT", true, Vector2( 1496, 296 ) ],
"method": "poner_suelta"
}, {
"args": [ 2 ],
"method": "_selec_vikingo"
}, {
"args": [ "RIGHT", true ],
"method": "_anim_press"
}, {
"args": [ "RIGHT", true, Vector2( 1420, 256 ) ],
"method": "poner_suelta"
}, {
"args": [ "A", true ],
"method": "_anim_press"
}, {
"args": [ "A", false ],
"method": "_anim_press"
}, {
"args": [ 0 ],
"method": "_selec_vikingo"
}, {
"args": [ "RIGHT", true ],
"method": "_anim_press"
}, {
"args": [ "RIGHT", true, Vector2( 1402, 256 ) ],
"method": "poner_suelta"
}, {
"args": [ "B", true ],
"method": "_anim_press"
}, {
"args": [ "B", false, Vector2( 1408, 260 ) ],
"method": "poner_suelta"
}, {
"args": [ "B", true ],
"method": "_anim_press"
}, {
"args": [ "RIGHT", true ],
"method": "_anim_press"
}, {
"args": [ "B", false ],
"method": "_anim_press"
}, {
"args": [ "RIGHT", false ],
"method": "_anim_press"
}, {
"args": [ "LEFT", true ],
"method": "_anim_press"
}, {
"args": [ "LEFT", false ],
"method": "_anim_press"
}, {
"args": [ "RIGHT", true ],
"method": "_anim_press"
}, {
"args": [ "RIGHT", true, Vector2( 1458, 256 ) ],
"method": "poner_suelta"
}, {
"args": [ 1 ],
"method": "_selec_vikingo"
}, {
"args": [  ],
"method": "quitar_suelta"
}, {
"args": [ "RIGHT", true ],
"method": "_anim_press"
}, {
"args": [ "RIGHT", false ],
"method": "_anim_press"
}, {
"args": [ "B", true ],
"method": "_anim_press"
}, {
"args": [ "B", false ],
"method": "_anim_press"
}, {
"args": [ "B", true ],
"method": "_anim_press"
}, {
"args": [ "B", false ],
"method": "_anim_press"
}, {
"args": [ "RIGHT", true ],
"method": "_anim_press"
}, {
"args": [ "RIGHT", false ],
"method": "_anim_press"
}, {
"args": [ 2 ],
"method": "_selec_vikingo"
}, {
"args": [ "RIGHT", true ],
"method": "_anim_press"
}, {
"args": [ "A", true ],
"method": "_anim_press"
}, {
"args": [ "A", false ],
"method": "_anim_press"
}, {
"args": [ "RIGHT", false ],
"method": "_anim_press"
}, {
"args": [ 0 ],
"method": "_selec_vikingo"
}, {
"args": [ "RIGHT", true ],
"method": "_anim_press"
}, {
"args": [ "RIGHT", false ],
"method": "_anim_press"
}, {
"args": [ 7, true ],
"method": "_activar_globo"
}, {
"args": [ 8, false ],
"method": "_activar_globo"
}, {
"args": [ 9, true ],
"method": "_activar_globo"
}, {
"args": [ 0, false ],
"method": "_activar_globo"
}, {
"args": [  ],
"method": "_activar_fase1"
}, {
"args": [  ],
"method": "_activar_fase2"
} ]
}

[sub_resource type="Animation" id=2]

resource_name = "Inicio2"
length = 5.0
loop = false
step = 0.05
tracks/0/type = "method"
tracks/0/path = NodePath(".")
tracks/0/interp = 1
tracks/0/loop_wrap = false
tracks/0/imported = false
tracks/0/enabled = true
tracks/0/keys = {
"times": PoolRealArray( 3.1, 3.15, 3.35, 3.7 ),
"transitions": PoolRealArray( 1, 1, 1, 1 ),
"values": [ {
"args": [ "RIGHT", true ],
"method": "_anim_press"
}, {
"args": [ "UP", true ],
"method": "_anim_press"
}, {
"args": [  ],
"method": "poner_suelta"
}, {
"args": [ 2 ],
"method": "controlar_defasaje"
} ]
}

[sub_resource type="Animation" id=3]

length = 40.0
loop = false
step = 0.15
tracks/0/type = "method"
tracks/0/path = NodePath(".")
tracks/0/interp = 1
tracks/0/loop_wrap = true
tracks/0/imported = false
tracks/0/enabled = true
tracks/0/keys = {
"times": PoolRealArray( 0.45, 1, 1.8, 3.75, 4, 5.1, 5.5, 10.8, 11.65, 16.6, 16.65, 18.9, 19.85, 25.05, 25.1, 29.55, 30.45, 34.75, 34.8, 37.5 ),
"transitions": PoolRealArray( 1, 1, 1, 1, 1, 1, 1, 1, 1, 1, 1, 1, 1, 1, 1, 1, 1, 1, 1, 1 ),
"values": [ {
"args": [  ],
"method": "ola"
}, {
"args": [ 10, false ],
"method": "_activar_globo"
}, {
"args": [  ],
"method": "ola"
}, {
"args": [  ],
"method": "ola"
}, {
"args": [ 0, false ],
"method": "_activar_globo"
}, {
"args": [  ],
"method": "ola"
}, {
"args": [  ],
"method": "shake"
}, {
"args": [ 1 ],
"method": "_apagar_z"
}, {
"args": [ true ],
"method": "_estrellitas"
}, {
"args": [ false ],
"method": "_estrellitas"
}, {
"args": [ 1 ],
"method": "hide_viking"
}, {
"args": [ 2 ],
"method": "_apagar_z"
}, {
"args": [ true ],
"method": "_estrellitas"
}, {
"args": [ false ],
"method": "_estrellitas"
}, {
"args": [ 2 ],
"method": "hide_viking"
}, {
"args": [ 3 ],
"method": "_apagar_z"
}, {
"args": [ true ],
"method": "_estrellitas"
}, {
"args": [ false ],
"method": "_estrellitas"
}, {
"args": [ 3 ],
"method": "hide_viking"
}, {
"args": [  ],
"method": "activar_fase3"
} ]
}
tracks/1/type = "value"
tracks/1/path = NodePath(".:altura_nave")
tracks/1/interp = 1
tracks/1/loop_wrap = true
tracks/1/imported = false
tracks/1/enabled = true
tracks/1/keys = {
"times": PoolRealArray( 6, 7.5, 35.5, 37.5 ),
"transitions": PoolRealArray( 1, 1, 1, 1 ),
"update": 0,
"values": [ -112.0, -72.0, -72.0, -152.0 ]
}
tracks/2/type = "value"
tracks/2/path = NodePath("PersigueCamara:position")
tracks/2/interp = 1
tracks/2/loop_wrap = true
tracks/2/imported = false
tracks/2/enabled = true
tracks/2/keys = {
"times": PoolRealArray( 6, 11.65, 16.6, 19.85, 25.15, 30.45, 34.8, 39.95 ),
"transitions": PoolRealArray( 1, 1, 1, 1, 1, 1, 1, 1 ),
"update": 0,
"values": [ Vector2( -256, 224 ), Vector2( 54.4, 224 ), Vector2( 54.4, 224 ), Vector2( 173, 224 ), Vector2( 173, 224 ), Vector2( 365, 224 ), Vector2( 365, 224 ), Vector2( 565, 224 ) ]
}
tracks/3/type = "value"
tracks/3/path = NodePath("Noche/Dave:position")
tracks/3/interp = 1
tracks/3/loop_wrap = true
tracks/3/imported = false
tracks/3/enabled = true
tracks/3/keys = {
"times": PoolRealArray( 11.25, 16.55 ),
"transitions": PoolRealArray( 1, 1 ),
"update": 0,
"values": [ Vector2( 56, 304 ), Vector2( 56, 154 ) ]
}
tracks/4/type = "value"
tracks/4/path = NodePath("Noche/Skyler:position")
tracks/4/interp = 1
tracks/4/loop_wrap = true
tracks/4/imported = false
tracks/4/enabled = true
tracks/4/keys = {
"times": PoolRealArray( 19.55, 25.1 ),
"transitions": PoolRealArray( 1, 1 ),
"update": 0,
"values": [ Vector2( 176, 272 ), Vector2( 176, 154 ) ]
}
tracks/5/type = "value"
tracks/5/path = NodePath("Noche/Eddy:position")
tracks/5/interp = 1
tracks/5/loop_wrap = true
tracks/5/imported = false
tracks/5/enabled = true
tracks/5/keys = {
"times": PoolRealArray( 29.9, 34.75 ),
"transitions": PoolRealArray( 1, 1 ),
"update": 0,
"values": [ Vector2( 368, 288 ), Vector2( 368, 154 ) ]
}

[sub_resource type="Animation" id=4]

length = 20.5
loop = false
step = 0.05
tracks/0/type = "method"
tracks/0/path = NodePath(".")
tracks/0/interp = 1
tracks/0/loop_wrap = false
tracks/0/imported = false
tracks/0/enabled = true
tracks/0/keys = {
"times": PoolRealArray( 1, 8.2, 15.4, 20.2, 20.3, 20.4, 20.5 ),
"transitions": PoolRealArray( 1, 1, 1, 1, 1, 1, 1 ),
"values": [ {
"args": [ 1, true ],
"method": "_activar_globo"
}, {
"args": [ 2, false ],
"method": "_activar_globo"
}, {
"args": [ 3, true ],
"method": "_activar_globo"
}, {
"args": [ 0, false ],
"method": "_activar_globo"
}, {
"args": [ "RIGHT", true ],
"method": "_anim_press"
}, {
"args": [ "RIGHT", true, Vector2( 724, 320 ) ],
"method": "poner_suelta"
}, {
"args": [ Vector2( 724, 320 ), "B", true, "Part2" ],
"method": "poner_siguiente_suelta"
} ]
}

[sub_resource type="Animation" id=5]

resource_name = "Part10"
length = 10.0
loop = false
step = 0.1
tracks/0/type = "method"
tracks/0/path = NodePath(".")
tracks/0/interp = 1
tracks/0/loop_wrap = false
tracks/0/imported = false
tracks/0/enabled = true
tracks/0/keys = {
"times": PoolRealArray( 0.4, 0.7, 0.8 ),
"transitions": PoolRealArray( 1, 1, 1 ),
"values": [ {
"args": [ 2 ],
"method": "_selec_vikingo"
}, {
"args": [ "RIGHT", true ],
"method": "_anim_press"
}, {
"args": [ 6 ],
"method": "controlar_defasaje"
} ]
}

[sub_resource type="Animation" id=6]

resource_name = "Part11"
length = 1.0
loop = false
step = 0.1
tracks/0/type = "method"
tracks/0/path = NodePath(".")
tracks/0/interp = 1
tracks/0/loop_wrap = false
tracks/0/imported = false
tracks/0/enabled = true
tracks/0/keys = {
"times": PoolRealArray( 0.1, 0.4, 0.7, 0.8, 0.9 ),
"transitions": PoolRealArray( 1, 1, 1, 1, 1 ),
"values": [ {
"args": [ "A", false ],
"method": "_anim_press"
}, {
"args": [ 0 ],
"method": "_selec_vikingo"
}, {
"args": [  ],
"method": "quitar_suelta"
}, {
"args": [ "RIGHT", true ],
"method": "_anim_press"
}, {
"args": [ 7 ],
"method": "controlar_defasaje"
} ]
}

[sub_resource type="Animation" id=7]

resource_name = "Part13"
length = 1.0
loop = false
step = 0.1
tracks/0/type = "method"
tracks/0/path = NodePath(".")
tracks/0/interp = 1
tracks/0/loop_wrap = true
tracks/0/imported = false
tracks/0/enabled = true
tracks/0/keys = {
"times": PoolRealArray( 0.1 ),
"transitions": PoolRealArray( 1 ),
"values": [ {
"args": [ 9 ],
"method": "controlar_defasaje"
} ]
}

[sub_resource type="Animation" id=8]

resource_name = "Part14"
length = 1.0
loop = false
step = 0.1
tracks/0/type = "method"
tracks/0/path = NodePath(".")
tracks/0/interp = 1
tracks/0/loop_wrap = false
tracks/0/imported = false
tracks/0/enabled = true
tracks/0/keys = {
"times": PoolRealArray( 0.5, 0.6 ),
"transitions": PoolRealArray( 1, 1 ),
"values": [ {
"args": [ "RIGHT", true ],
"method": "_anim_press"
}, {
"args": [ "RIGHT", true, Vector2( 1488, 176 ), false, "Part15" ],
"method": "poner_suelta"
} ]
}

[sub_resource type="Animation" id=9]

resource_name = "Part15"
length = 1.0
loop = false
step = 0.1
tracks/0/type = "method"
tracks/0/path = NodePath(".")
tracks/0/interp = 1
tracks/0/loop_wrap = true
tracks/0/imported = false
tracks/0/enabled = true
tracks/0/keys = {
"times": PoolRealArray( 0, 0.1 ),
"transitions": PoolRealArray( 1, 1 ),
"values": [ {
"args": [ "LEFT", true ],
"method": "_anim_press"
}, {
"args": [ "LEFT", true, Vector2( 1352, 232 ), false, "Part16" ],
"method": "poner_suelta"
} ]
}

[sub_resource type="Animation" id=10]

resource_name = "Part16"
length = 1.0
loop = false
step = 0.1
tracks/0/type = "method"
tracks/0/path = NodePath(".")
tracks/0/interp = 1
tracks/0/loop_wrap = true
tracks/0/imported = false
tracks/0/enabled = true
tracks/0/keys = {
"times": PoolRealArray( 0, 0.1 ),
"transitions": PoolRealArray( 1, 1 ),
"values": [ {
"args": [ "RIGHT", true ],
"method": "_anim_press"
}, {
"args": [ 10 ],
"method": "controlar_defasaje"
} ]
}

[sub_resource type="Animation" id=11]

resource_name = "Part17"
length = 10.0
loop = false
step = 0.1
tracks/0/type = "method"
tracks/0/path = NodePath(".")
tracks/0/interp = 1
tracks/0/loop_wrap = true
tracks/0/imported = false
tracks/0/enabled = true
tracks/0/keys = {
"times": PoolRealArray( 0.2, 0.3, 0.4, 0.8, 2.6, 2.7, 3, 3.1 ),
"transitions": PoolRealArray( 1, 1, 1, 1, 1, 1, 1, 1 ),
"values": [ {
"args": [ "B", false ],
"method": "_anim_press"
}, {
"args": [ "RIGHT", true, Vector2( 2044, 288 ), false, "Part18" ],
"method": "poner_suelta"
}, {
"args": [ 1 ],
"method": "_selec_vikingo"
}, {
"args": [ "RIGHT", true ],
"method": "_anim_press"
}, {
"args": [ "B", true ],
"method": "_anim_press"
}, {
"args": [ "B", false ],
"method": "_anim_press"
}, {
"args": [ "B", true ],
"method": "_anim_press"
}, {
"args": [ "B", false ],
"method": "_anim_press"
} ]
}

[sub_resource type="Animation" id=12]

resource_name = "Part18"
length = 4.1
loop = false
step = 0.1
tracks/0/type = "method"
tracks/0/path = NodePath(".")
tracks/0/interp = 1
tracks/0/loop_wrap = false
tracks/0/imported = false
tracks/0/enabled = true
tracks/0/keys = {
"times": PoolRealArray( 0.2, 0.6, 2, 2.1, 4.1 ),
"transitions": PoolRealArray( 1, 1, 1, 1, 1 ),
"values": [ {
"args": [ 2 ],
"method": "_selec_vikingo"
}, {
"args": [ "RIGHT", true ],
"method": "_anim_press"
}, {
"args": [ "A", true ],
"method": "_anim_press"
}, {
"args": [ "A", false ],
"method": "_anim_press"
}, {
"args": [ "RIGHT", true, Vector2( 2240, 304 ), false, "Part19" ],
"method": "poner_suelta"
} ]
}

[sub_resource type="Animation" id=13]

resource_name = "Part19"
length = 1.0
loop = false
step = 0.1
tracks/0/type = "method"
tracks/0/path = NodePath(".")
tracks/0/interp = 1
tracks/0/loop_wrap = false
tracks/0/imported = false
tracks/0/enabled = true
tracks/0/keys = {
"times": PoolRealArray( 0.4, 0.8, 1 ),
"transitions": PoolRealArray( 1, 1, 1 ),
"values": [ {
"args": [ 0 ],
"method": "_selec_vikingo"
}, {
"args": [ "RIGHT", true ],
"method": "_anim_press"
}, {
"args": [ "RIGHT", true, Vector2( 1880, 320 ), false, "Part20" ],
"method": "poner_suelta"
} ]
}

[sub_resource type="Animation" id=14]

length = 11.85
loop = false
step = 0.05
tracks/0/type = "method"
tracks/0/path = NodePath(".")
tracks/0/interp = 1
tracks/0/loop_wrap = false
tracks/0/imported = false
tracks/0/enabled = true
tracks/0/keys = {
"times": PoolRealArray( 0, 0.05, 0.1, 1.55, 1.75, 2.15, 6.95, 11.75, 11.85 ),
"transitions": PoolRealArray( 1, 1, 1, 1, 1, 1, 1, 1, 1 ),
"values": [ {
"args": [ 1 ],
"method": "controlar_defasaje"
}, {
"args": [ "B", false, Vector2( 732, 304 ) ],
"method": "poner_suelta"
}, {
"args": [ "RIGHT", true, Vector2( 712, 320 ), false, "Part3" ],
"method": "poner_suelta"
}, {
"args": [ 0 ],
"method": "controlar_defasaje"
}, {
"args": [ 2 ],
"method": "_selec_vikingo"
}, {
"args": [ 4, true ],
"method": "_activar_globo"
}, {
"args": [ 5, false ],
"method": "_activar_globo"
}, {
"args": [ 0, false ],
"method": "_activar_globo"
}, {
"args": [ "RIGHT", true ],
"method": "_anim_press"
} ]
}

[sub_resource type="Animation" id=15]

resource_name = "Part20"
length = 1.0
loop = false
step = 0.1
tracks/0/type = "method"
tracks/0/path = NodePath(".")
tracks/0/interp = 1
tracks/0/loop_wrap = true
tracks/0/imported = false
tracks/0/enabled = true
tracks/0/keys = {
"times": PoolRealArray( 0 ),
"transitions": PoolRealArray( 1 ),
"values": [ {
"args": [ 11 ],
"method": "controlar_defasaje"
} ]
}

[sub_resource type="Animation" id=16]

resource_name = "Part21"
length = 15.6
loop = false
step = 0.05
tracks/0/type = "method"
tracks/0/path = NodePath(".")
tracks/0/interp = 1
tracks/0/loop_wrap = false
tracks/0/imported = false
tracks/0/enabled = true
tracks/0/keys = {
"times": PoolRealArray( 0, 4.8, 9.60001, 14.4, 14.6, 15.6 ),
"transitions": PoolRealArray( 1, 1, 1, 1, 1, 1 ),
"values": [ {
"args": [ 7, true ],
"method": "_activar_globo"
}, {
"args": [ 8, false ],
"method": "_activar_globo"
}, {
"args": [ 9, true ],
"method": "_activar_globo"
}, {
"args": [ 0, false ],
"method": "_activar_globo"
}, {
"args": [  ],
"method": "_activar_fase1"
}, {
"args": [  ],
"method": "_activar_fase2"
} ]
}

[sub_resource type="Animation" id=17]

resource_name = "Part3"
length = 9.0
loop = false
step = 0.05
tracks/0/type = "method"
tracks/0/path = NodePath(".")
tracks/0/interp = 1
tracks/0/loop_wrap = false
tracks/0/imported = false
tracks/0/enabled = true
tracks/0/keys = {
"times": PoolRealArray( 0, 1, 1.4, 4.75, 8.9, 9 ),
"transitions": PoolRealArray( 1, 1, 1, 1, 1, 1 ),
"values": [ {
"args": [ "RIGHT", true, Vector2( 680, 320 ), false, "Part4" ],
"method": "poner_suelta"
}, {
"args": [ 1 ],
"method": "_selec_vikingo"
}, {
"args": [ 6, true ],
"method": "_activar_globo"
}, {
"args": [  ],
"method": "_activar_musculos"
}, {
"args": [ 0, false ],
"method": "_activar_globo"
}, {
"args": [ "RIGHT", true ],
"method": "_anim_press"
} ]
}

[sub_resource type="Animation" id=18]

resource_name = "Part4"
length = 3.9
loop = false
step = 0.05
tracks/0/type = "method"
tracks/0/path = NodePath(".")
tracks/0/interp = 1
tracks/0/loop_wrap = false
tracks/0/imported = false
tracks/0/enabled = true
tracks/0/keys = {
"times": PoolRealArray( 0.1, 0.2, 1, 1.1, 2.1, 3.3, 3.35, 3.65, 3.7, 3.9 ),
"transitions": PoolRealArray( 1, 1, 1, 1, 1, 1, 1, 1, 1, 1 ),
"values": [ {
"args": [ "A", true ],
"method": "_anim_press"
}, {
"args": [ "A", false ],
"method": "_anim_press"
}, {
"args": [ "A", true ],
"method": "_anim_press"
}, {
"args": [ "A", false ],
"method": "_anim_press"
}, {
"args": [ 0 ],
"method": "_selec_vikingo"
}, {
"args": [ "RIGHT", true ],
"method": "_anim_press"
}, {
"args": [ "UP", true ],
"method": "_anim_press"
}, {
"args": [ "UP", true, Vector2( 984, 224 ) ],
"method": "poner_suelta"
}, {
"args": [ Vector2( 1048, 224 ), "RIGHT", false, "Part5" ],
"method": "poner_siguiente_suelta"
}, {
"args": [ 2 ],
"method": "controlar_defasaje"
} ]
}

[sub_resource type="Animation" id=19]

resource_name = "Part5"
length = 1.0
loop = false
step = 0.1
tracks/0/type = "method"
tracks/0/path = NodePath(".")
tracks/0/interp = 1
tracks/0/loop_wrap = true
tracks/0/imported = false
tracks/0/enabled = true
tracks/0/keys = {
"times": PoolRealArray( 0 ),
"transitions": PoolRealArray( 1 ),
"values": [ {
"args": [ 3 ],
"method": "controlar_defasaje"
} ]
}

[sub_resource type="Animation" id=20]

resource_name = "Part6"
length = 3.0
loop = false
step = 0.1
tracks/0/type = "method"
tracks/0/path = NodePath(".")
tracks/0/interp = 1
tracks/0/loop_wrap = false
tracks/0/imported = false
tracks/0/enabled = true
tracks/0/keys = {
"times": PoolRealArray( 0.4, 0.5, 2, 2.1, 2.8, 2.9 ),
"transitions": PoolRealArray( 1, 1, 1, 1, 1, 1 ),
"values": [ {
"args": [ "RIGHT", true ],
"method": "_anim_press"
}, {
"args": [ "UP", true ],
"method": "_anim_press"
}, {
"args": [ "A", true ],
"method": "_anim_press"
}, {
"args": [ "A", false ],
"method": "_anim_press"
}, {
"args": [ "UP", true, Vector2( 992, 32 ) ],
"method": "poner_suelta"
}, {
"args": [ Vector2( 1060, 88 ), "RIGHT", false, "Part7" ],
"method": "poner_siguiente_suelta"
} ]
}

[sub_resource type="Animation" id=21]

resource_name = "Part7"
length = 1.0
loop = false
step = 0.1
tracks/0/type = "method"
tracks/0/path = NodePath(".")
tracks/0/interp = 1
tracks/0/loop_wrap = true
tracks/0/imported = false
tracks/0/enabled = true
tracks/0/keys = {
"times": PoolRealArray( 0, 0.1 ),
"transitions": PoolRealArray( 1, 1 ),
"values": [ {
"args": [ "RIGHT", true, Vector2( 1096, 248 ), true ],
"method": "poner_suelta"
}, {
"args": [ 4 ],
"method": "controlar_defasaje"
} ]
}

[sub_resource type="Animation" id=22]

resource_name = "Part8"
length = 10.0
loop = false
step = 0.1
tracks/0/type = "method"
tracks/0/path = NodePath(".")
tracks/0/interp = 1
tracks/0/loop_wrap = false
tracks/0/imported = false
tracks/0/enabled = true
tracks/0/keys = {
"times": PoolRealArray( 1.1, 1.5, 1.6, 1.9, 2 ),
"transitions": PoolRealArray( 1, 1, 1, 1, 1 ),
"values": [ {
"args": [ 1 ],
"method": "_selec_vikingo"
}, {
"args": [ "RIGHT", true ],
"method": "_anim_press"
}, {
"args": [ "UP", true ],
"method": "_anim_press"
}, {
"args": [ "UP", true, Vector2( 984, 224 ) ],
"method": "poner_suelta"
}, {
"args": [ Vector2( 1216, 320 ), "RIGHT", false, "Part9", false ],
"method": "poner_siguiente_suelta"
} ]
}

[sub_resource type="Animation" id=23]

resource_name = "Part9"
length = 1.4
loop = false
step = 0.1
tracks/0/type = "method"
tracks/0/path = NodePath(".")
tracks/0/interp = 1
tracks/0/loop_wrap = false
tracks/0/imported = false
tracks/0/enabled = true
tracks/0/keys = {
"times": PoolRealArray( 0, 0.1, 0.7, 0.8, 1.3, 1.4 ),
"transitions": PoolRealArray( 1, 1, 1, 1, 1, 1 ),
"values": [ {
"args": [ "A", true ],
"method": "_anim_press"
}, {
"args": [ "A", false ],
"method": "_anim_press"
}, {
"args": [ "A", true ],
"method": "_anim_press"
}, {
"args": [ "A", false ],
"method": "_anim_press"
}, {
"args": [ "RIGHT", true ],
"method": "_anim_press"
}, {
"args": [ 5 ],
"method": "controlar_defasaje"
} ]
}

[sub_resource type="Shader" id=24]

code = "shader_type canvas_item;

uniform bool rubia = false;

bool es_este_color(vec4 finalColor, vec3 colorCompara){
	if (abs(finalColor.r * 255.0 - colorCompara.r) > 0.5) return false;
	if (abs(finalColor.g * 255.0 - colorCompara.g) > 0.5) return false;
	if (abs(finalColor.b * 255.0 - colorCompara.b) > 0.5) return false;
	return true;
}

void fragment() {
	vec4 finalColor = texture(TEXTURE, UV);
	if (rubia){
		if (es_este_color(finalColor,vec3(252, 252, 0))) {
			finalColor.r = 72.0 / 255.0;
			finalColor.g = 72.0 / 255.0;
			finalColor.b = 72.0 / 255.0;
		}
		if (es_este_color(finalColor,vec3(144, 0, 0))) finalColor.g = 144.0 / 255.0;
		if (es_este_color(finalColor,vec3(252, 72, 0))) finalColor.g = 252.0 / 255.0;
		if (es_este_color(finalColor,vec3(216, 0, 0))) {
			finalColor.r = 180.0 / 255.0;
			finalColor.g = 180.0 / 255.0;
		}
		if (es_este_color(finalColor,vec3(0, 0, 72))) {
			finalColor.g = 108.0 / 255.0;
			finalColor.b = 0.0;
		}
		if (es_este_color(finalColor,vec3(0, 72, 180))) {
			finalColor.g = 180.0 / 255.0;
			finalColor.b = 0.0;
		}
		if (es_este_color(finalColor,vec3(0, 108, 252))) {
			finalColor.g = 252.0 / 255.0;
			finalColor.b = 0.0;
		}
		
		
		
		
		
	}
	
	COLOR = finalColor;
}"

[sub_resource type="ShaderMaterial" id=25]

resource_local_to_scene = true
render_priority = 0
shader = SubResource( 24 )
shader_param/rubia = false
_sections_unfolded = [ "Resource" ]

[sub_resource type="ShaderMaterial" id=26]

resource_local_to_scene = true
render_priority = 0
shader = SubResource( 24 )
shader_param/rubia = true
_sections_unfolded = [ "Resource" ]

[sub_resource type="ShaderMaterial" id=27]

resource_local_to_scene = true
render_priority = 0
shader = SubResource( 24 )
shader_param/rubia = true
_sections_unfolded = [ "Resource" ]

[sub_resource type="ShaderMaterial" id=28]

resource_local_to_scene = true
render_priority = 0
shader = SubResource( 24 )
shader_param/rubia = false
_sections_unfolded = [ "Resource" ]

[sub_resource type="ShaderMaterial" id=29]

resource_local_to_scene = true
render_priority = 0
shader = SubResource( 24 )
shader_param/rubia = true
_sections_unfolded = [ "Resource" ]

[sub_resource type="ShaderMaterial" id=30]

resource_local_to_scene = true
render_priority = 0
shader = SubResource( 24 )
shader_param/rubia = true
_sections_unfolded = [ "Resource" ]

[sub_resource type="ShaderMaterial" id=31]

resource_local_to_scene = true
render_priority = 0
shader = SubResource( 24 )
shader_param/rubia = false
_sections_unfolded = [ "Resource" ]

[sub_resource type="ShaderMaterial" id=32]

resource_local_to_scene = true
render_priority = 0
shader = SubResource( 24 )
shader_param/rubia = true
_sections_unfolded = [ "Resource" ]

[sub_resource type="ShaderMaterial" id=33]

resource_local_to_scene = true
render_priority = 0
shader = SubResource( 24 )
shader_param/rubia = false
_sections_unfolded = [ "Resource" ]

[sub_resource type="ShaderMaterial" id=34]

resource_local_to_scene = true
render_priority = 0
shader = SubResource( 24 )
shader_param/rubia = true
_sections_unfolded = [ "Resource" ]

[sub_resource type="RectangleShape2D" id=35]

custom_solver_bias = 0.0
extents = Vector2( 16, 16 )

[sub_resource type="RectangleShape2D" id=36]

custom_solver_bias = 0.0
extents = Vector2( 16, 16 )

[node name="level0" index="0" instance=ExtResource( 1 )]

script = ExtResource( 2 )
_sections_unfolded = [ "Material" ]
TILES_X = 144
TILES_Y = 24
PASSWORD = ""
altura_nave = -152.0

[node name="Capa de Patrones 1" parent="." index="0"]

material = ExtResource( 3 )
z_index = -9
_sections_unfolded = [ "Material", "Z Index" ]

[node name="Capa de Patrones 2" parent="." index="1"]

material = ExtResource( 3 )
z_index = 9
_sections_unfolded = [ "Material", "Z Index" ]

[node name="Collisions" type="Node2D" parent="." index="2"]

editor/display_folded = true
visible = false
z_index = 10
_sections_unfolded = [ "Z Index" ]

[node name="Up" type="Node2D" parent="Collisions" index="0"]

[node name="Down" type="Node2D" parent="Collisions" index="1"]

[node name="StaticBody2D" type="StaticBody2D" parent="Collisions/Down" index="0"]

editor/display_folded = true
input_pickable = false
collision_layer = 1
collision_mask = 1
constant_linear_velocity = Vector2( 0, 0 )
constant_angular_velocity = 0.0
friction = 1.0
bounce = 0.0

[node name="CollisionPolygon2D" type="CollisionPolygon2D" parent="Collisions/Down/StaticBody2D" index="0"]

build_mode = 0
polygon = PoolVector2Array( 0, 336, 104, 336, 104, 344, 0, 344 )

[node name="StaticBody2D3" type="StaticBody2D" parent="Collisions/Down" index="1"]

editor/display_folded = true
input_pickable = false
collision_layer = 1
collision_mask = 1
constant_linear_velocity = Vector2( 0, 0 )
constant_angular_velocity = 0.0
friction = 1.0
bounce = 0.0

[node name="CollisionPolygon2D" type="CollisionPolygon2D" parent="Collisions/Down/StaticBody2D3" index="0"]

build_mode = 0
polygon = PoolVector2Array( 136, 304, 264, 304, 264, 312, 136, 312 )

[node name="StaticBody2D5" type="StaticBody2D" parent="Collisions/Down" index="2"]

editor/display_folded = true
input_pickable = false
collision_layer = 1
collision_mask = 1
constant_linear_velocity = Vector2( 0, 0 )
constant_angular_velocity = 0.0
friction = 1.0
bounce = 0.0

[node name="CollisionPolygon2D" type="CollisionPolygon2D" parent="Collisions/Down/StaticBody2D5" index="0"]

build_mode = 0
polygon = PoolVector2Array( 280, 320, 456, 320, 456, 328, 280, 328 )

[node name="StaticBody2D7" type="StaticBody2D" parent="Collisions/Down" index="3"]

editor/display_folded = true
input_pickable = false
collision_layer = 1
collision_mask = 1
constant_linear_velocity = Vector2( 0, 0 )
constant_angular_velocity = 0.0
friction = 1.0
bounce = 0.0

[node name="CollisionPolygon2D" type="CollisionPolygon2D" parent="Collisions/Down/StaticBody2D7" index="0"]

build_mode = 0
polygon = PoolVector2Array( 472, 336, 472, 344, 960, 344, 960, 336 )

[node name="StaticBody2D14" type="StaticBody2D" parent="Collisions/Down" index="4"]

input_pickable = false
collision_layer = 1
collision_mask = 1
constant_linear_velocity = Vector2( 0, 0 )
constant_angular_velocity = 0.0
friction = 1.0
bounce = 0.0

[node name="CollisionPolygon2D" type="CollisionPolygon2D" parent="Collisions/Down/StaticBody2D14" index="0"]

build_mode = 0
polygon = PoolVector2Array( 962, 240, 961, 241, 968, 248, 1048, 248, 1055, 241, 1054, 240 )

[node name="StaticBody2D15" type="StaticBody2D" parent="Collisions/Down" index="5"]

input_pickable = false
collision_layer = 1
collision_mask = 1
constant_linear_velocity = Vector2( 0, 0 )
constant_angular_velocity = 0.0
friction = 1.0
bounce = 0.0

[node name="CollisionPolygon2D" type="CollisionPolygon2D" parent="Collisions/Down/StaticBody2D15" index="0"]

position = Vector2( 92, 64 )
build_mode = 0
polygon = PoolVector2Array( 1048, 240, 1048, 248, 1056, 248, 1056, 240 )

[node name="StaticBody2D18" type="StaticBody2D" parent="Collisions/Down" index="6"]

editor/display_folded = true
input_pickable = false
collision_layer = 1
collision_mask = 1
constant_linear_velocity = Vector2( 0, 0 )
constant_angular_velocity = 0.0
friction = 1.0
bounce = 0.0

[node name="CollisionPolygon2D" type="CollisionPolygon2D" parent="Collisions/Down/StaticBody2D18" index="0"]

build_mode = 0
polygon = PoolVector2Array( 1056, 336, 1960, 336, 1960, 344, 1056, 344 )

[node name="StaticBody2D21" type="StaticBody2D" parent="Collisions/Down" index="7"]

editor/display_folded = true
input_pickable = false
collision_layer = 1
collision_mask = 1
constant_linear_velocity = Vector2( 0, 0 )
constant_angular_velocity = 0.0
friction = 1.0
bounce = 0.0

[node name="CollisionPolygon2D" type="CollisionPolygon2D" parent="Collisions/Down/StaticBody2D21" index="0"]

build_mode = 0
polygon = PoolVector2Array( 1384, 272, 1432, 272, 1432, 280, 1384, 280 )

[node name="StaticBody2D23" type="StaticBody2D" parent="Collisions/Down" index="8"]

editor/display_folded = true
input_pickable = false
collision_layer = 1
collision_mask = 1
constant_linear_velocity = Vector2( 0, 0 )
constant_angular_velocity = 0.0
friction = 1.0
bounce = 0.0

[node name="CollisionPolygon2D" type="CollisionPolygon2D" parent="Collisions/Down/StaticBody2D23" index="0"]

build_mode = 0
polygon = PoolVector2Array( 1992, 304, 1992, 312, 2120, 312, 2120, 304 )

[node name="StaticBody2D25" type="StaticBody2D" parent="Collisions/Down" index="9"]

editor/display_folded = true
input_pickable = false
collision_layer = 1
collision_mask = 1
constant_linear_velocity = Vector2( 0, 0 )
constant_angular_velocity = 0.0
friction = 1.0
bounce = 0.0

[node name="CollisionPolygon2D" type="CollisionPolygon2D" parent="Collisions/Down/StaticBody2D25" index="0"]

build_mode = 0
polygon = PoolVector2Array( 2136, 320, 2136, 328, 2304, 328, 2304, 320 )

[node name="StaticBody2D11" type="StaticBody2D" parent="Collisions/Down" index="10"]

editor/display_folded = true
input_pickable = false
collision_layer = 1
collision_mask = 1
constant_linear_velocity = Vector2( 0, 0 )
constant_angular_velocity = 0.0
friction = 1.0
bounce = 0.0

[node name="CollisionPolygon2D" type="CollisionPolygon2D" parent="Collisions/Down/StaticBody2D11" index="0"]

build_mode = 0
polygon = PoolVector2Array( 1432, 192, 1480, 192, 1480, 200, 1432, 200 )

[node name="Left" type="Node2D" parent="Collisions" index="2"]

editor/display_folded = true

[node name="StaticBody2D27" type="StaticBody2D" parent="Collisions/Left" index="0"]

input_pickable = false
collision_layer = 1
collision_mask = 1
constant_linear_velocity = Vector2( 0, 0 )
constant_angular_velocity = 0.0
friction = 1.0
bounce = 0.0

[node name="CollisionPolygon2D" type="CollisionPolygon2D" parent="Collisions/Left/StaticBody2D27" index="0"]

position = Vector2( 88, 0 )
build_mode = 0
polygon = PoolVector2Array( 960, 248, 967, 241, 968, 242, 968, 336, 960, 336 )

[node name="Right" type="Node2D" parent="Collisions" index="3"]

editor/display_folded = true

[node name="StaticBody2D26" type="StaticBody2D" parent="Collisions/Right" index="0"]

input_pickable = false
collision_layer = 1
collision_mask = 1
constant_linear_velocity = Vector2( 0, 0 )
constant_angular_velocity = 0.0
friction = 1.0
bounce = 0.0

[node name="CollisionPolygon2D" type="CollisionPolygon2D" parent="Collisions/Right/StaticBody2D26" index="0"]

build_mode = 0
polygon = PoolVector2Array( 960, 242, 961, 241, 968, 248, 968, 336, 960, 336 )

[node name="Escaleras" type="Node2D" parent="." index="3"]

[node name="Area2D" type="Area2D" parent="Escaleras" index="0"]

editor/display_folded = true
input_pickable = true
gravity_vec = Vector2( 0, 1 )
gravity = 98.0
linear_damp = 0.1
angular_damp = 1.0
audio_bus_override = false
audio_bus_name = "Master"

[node name="CollisionPolygon2D" type="CollisionPolygon2D" parent="Escaleras/Area2D" index="0"]

build_mode = 0
polygon = PoolVector2Array( 928, 336, 928, 232, 960, 232, 960, 336 )

[node name="Area2D2" type="Area2D" parent="Escaleras" index="1"]

editor/display_folded = true
input_pickable = true
gravity_vec = Vector2( 0, 1 )
gravity = 98.0
linear_damp = 0.1
angular_damp = 1.0
audio_bus_override = false
audio_bus_name = "Master"

[node name="CollisionPolygon2D2" type="CollisionPolygon2D" parent="Escaleras/Area2D2" index="0"]

build_mode = 0
polygon = PoolVector2Array( 976, 240, 976, 0, 1008, 0, 1008, 240 )

[node name="BaseUnidireccional" parent="Escaleras" index="2" instance=ExtResource( 4 )]

position = Vector2( 944, 240 )

[node name="BaseUnidireccional2" parent="Escaleras" index="3" instance=ExtResource( 4 )]

position = Vector2( 740, 288 )
scale = Vector2( 0.5, 1 )
_sections_unfolded = [ "Collision", "Transform", "Z Index" ]

[node name="Vikingos" type="Node2D" parent="." index="4"]

[node name="Skyler" parent="Vikingos" index="0" instance=ExtResource( 5 )]

position = Vector2( 188, 288 )
_sections_unfolded = [ "Collision", "Transform" ]

[node name="Dave" parent="Vikingos" index="1" instance=ExtResource( 6 )]

position = Vector2( 38, 320 )
_sections_unfolded = [ "Collision", "Transform" ]

[node name="Eddy" parent="Vikingos" index="2" instance=ExtResource( 7 )]

position = Vector2( 352, 304 )
_sections_unfolded = [ "Collision", "Transform" ]

[node name="Rampas" type="Node2D" parent="." index="5"]

editor/display_folded = true
visible = false
z_index = 10
_sections_unfolded = [ "Z Index" ]

[node name="StaticBody2D" type="StaticBody2D" parent="Rampas" index="0"]

editor/display_folded = true
input_pickable = false
collision_layer = 1
collision_mask = 1
constant_linear_velocity = Vector2( 0, 0 )
constant_angular_velocity = 0.0
friction = 1.0
bounce = 0.0

[node name="CollisionPolygon2D" type="CollisionPolygon2D" parent="Rampas/StaticBody2D" index="0"]

build_mode = 0
polygon = PoolVector2Array( 104, 336, 136, 304, 136, 336 )

[node name="StaticBody2D15" type="StaticBody2D" parent="Rampas" index="1"]

editor/display_folded = true
input_pickable = false
collision_layer = 1
collision_mask = 1
constant_linear_velocity = Vector2( 0, 0 )
constant_angular_velocity = 0.0
friction = 1.0
bounce = 0.0

[node name="CollisionPolygon2D" type="CollisionPolygon2D" parent="Rampas/StaticBody2D15" index="0"]

build_mode = 0
polygon = PoolVector2Array( 280, 320, 264, 304, 264, 320 )

[node name="StaticBody2D2" type="StaticBody2D" parent="Rampas" index="2"]

editor/display_folded = true
input_pickable = false
collision_layer = 1
collision_mask = 1
constant_linear_velocity = Vector2( 0, 0 )
constant_angular_velocity = 0.0
friction = 1.0
bounce = 0.0

[node name="CollisionPolygon2D" type="CollisionPolygon2D" parent="Rampas/StaticBody2D2" index="0"]

build_mode = 0
polygon = PoolVector2Array( 472, 336, 456, 320, 456, 336 )

[node name="StaticBody2D3" type="StaticBody2D" parent="Rampas" index="3"]

input_pickable = false
collision_layer = 1
collision_mask = 1
constant_linear_velocity = Vector2( 0, 0 )
constant_angular_velocity = 0.0
friction = 1.0
bounce = 0.0

[node name="CollisionPolygon2D" type="CollisionPolygon2D" parent="Rampas/StaticBody2D3" index="0"]

position = Vector2( -4, 0 )
build_mode = 0
polygon = PoolVector2Array( 1112, 336, 1144, 304, 1144, 336 )

[node name="StaticBody2D4" type="StaticBody2D" parent="Rampas" index="4"]

input_pickable = false
collision_layer = 1
collision_mask = 1
constant_linear_velocity = Vector2( 0, 0 )
constant_angular_velocity = 0.0
friction = 1.0
bounce = 0.0

[node name="CollisionPolygon2D" type="CollisionPolygon2D" parent="Rampas/StaticBody2D4" index="0"]

position = Vector2( 4, 0 )
build_mode = 0
polygon = PoolVector2Array( 1176, 336, 1144, 304, 1144, 336 )

[node name="StaticBody2D5" type="StaticBody2D" parent="Rampas" index="5"]

editor/display_folded = true
input_pickable = false
collision_layer = 1
collision_mask = 1
constant_linear_velocity = Vector2( 0, 0 )
constant_angular_velocity = 0.0
friction = 1.0
bounce = 0.0

[node name="CollisionPolygon2D" type="CollisionPolygon2D" parent="Rampas/StaticBody2D5" index="0"]

build_mode = 0
polygon = PoolVector2Array( 1304, 336, 1344, 312, 1344, 336 )

[node name="StaticBody2D6" type="StaticBody2D" parent="Rampas" index="6"]

editor/display_folded = true
input_pickable = false
collision_layer = 1
collision_mask = 1
constant_linear_velocity = Vector2( 0, 0 )
constant_angular_velocity = 0.0
friction = 1.0
bounce = 0.0

[node name="CollisionPolygon2D" type="CollisionPolygon2D" parent="Rampas/StaticBody2D6" index="0"]

build_mode = 0
polygon = PoolVector2Array( 1344, 312, 1384, 272, 1384, 312 )

[node name="StaticBody2D7" type="StaticBody2D" parent="Rampas" index="7"]

editor/display_folded = true
input_pickable = false
collision_layer = 1
collision_mask = 1
constant_linear_velocity = Vector2( 0, 0 )
constant_angular_velocity = 0.0
friction = 1.0
bounce = 0.0

[node name="CollisionPolygon2D" type="CollisionPolygon2D" parent="Rampas/StaticBody2D7" index="0"]

build_mode = 0
polygon = PoolVector2Array( 1496, 336, 1432, 272, 1432, 336 )

[node name="StaticBody2D8" type="StaticBody2D" parent="Rampas" index="8"]

editor/display_folded = true
input_pickable = false
collision_layer = 1
collision_mask = 1
constant_linear_velocity = Vector2( 0, 0 )
constant_angular_velocity = 0.0
friction = 1.0
bounce = 0.0

[node name="CollisionPolygon2D" type="CollisionPolygon2D" parent="Rampas/StaticBody2D8" index="0"]

build_mode = 0
polygon = PoolVector2Array( 1408, 208, 1432, 192, 1432, 208 )

[node name="StaticBody2D9" type="StaticBody2D" parent="Rampas" index="9"]

editor/display_folded = true
input_pickable = false
collision_layer = 1
collision_mask = 1
constant_linear_velocity = Vector2( 0, 0 )
constant_angular_velocity = 0.0
friction = 1.0
bounce = 0.0

[node name="CollisionPolygon2D" type="CollisionPolygon2D" parent="Rampas/StaticBody2D9" index="0"]

build_mode = 0
polygon = PoolVector2Array( 1504, 208, 1480, 192, 1480, 208 )

[node name="StaticBody2D10" type="StaticBody2D" parent="Rampas" index="10"]

editor/display_folded = true
input_pickable = false
collision_layer = 1
collision_mask = 1
constant_linear_velocity = Vector2( 0, 0 )
constant_angular_velocity = 0.0
friction = 1.0
bounce = 0.0

[node name="CollisionPolygon2D" type="CollisionPolygon2D" parent="Rampas/StaticBody2D10" index="0"]

build_mode = 0
polygon = PoolVector2Array( 1448, 192, 1456, 184, 1456, 192 )

[node name="StaticBody2D11" type="StaticBody2D" parent="Rampas" index="11"]

editor/display_folded = true
input_pickable = false
collision_layer = 1
collision_mask = 1
constant_linear_velocity = Vector2( 0, 0 )
constant_angular_velocity = 0.0
friction = 1.0
bounce = 0.0

[node name="CollisionPolygon2D" type="CollisionPolygon2D" parent="Rampas/StaticBody2D11" index="0"]

build_mode = 0
polygon = PoolVector2Array( 1464, 192, 1456, 184, 1456, 192 )

[node name="StaticBody2D12" type="StaticBody2D" parent="Rampas" index="12"]

editor/display_folded = true
input_pickable = false
collision_layer = 1
collision_mask = 1
constant_linear_velocity = Vector2( 0, 0 )
constant_angular_velocity = 0.0
friction = 1.0
bounce = 0.0

[node name="CollisionPolygon2D" type="CollisionPolygon2D" parent="Rampas/StaticBody2D12" index="0"]

build_mode = 0
polygon = PoolVector2Array( 1960, 336, 1992, 304, 1992, 336 )

[node name="StaticBody2D13" type="StaticBody2D" parent="Rampas" index="13"]

editor/display_folded = true
input_pickable = false
collision_layer = 1
collision_mask = 1
constant_linear_velocity = Vector2( 0, 0 )
constant_angular_velocity = 0.0
friction = 1.0
bounce = 0.0

[node name="CollisionPolygon2D" type="CollisionPolygon2D" parent="Rampas/StaticBody2D13" index="0"]

build_mode = 0
polygon = PoolVector2Array( 2136, 320, 2120, 304, 2120, 320 )

[node name="AnimationPlayer" type="AnimationPlayer" parent="." index="6"]

root_node = NodePath("..")
autoplay = "Part1"
playback_process_mode = 1
playback_default_blend_time = 0.0
playback_speed = 1.0
anims/Inicio = SubResource( 1 )
anims/Inicio2 = SubResource( 2 )
anims/Noche = SubResource( 3 )
anims/Part1 = SubResource( 4 )
anims/Part10 = SubResource( 5 )
anims/Part11 = SubResource( 6 )
anims/Part13 = SubResource( 7 )
anims/Part14 = SubResource( 8 )
anims/Part15 = SubResource( 9 )
anims/Part16 = SubResource( 10 )
anims/Part17 = SubResource( 11 )
anims/Part18 = SubResource( 12 )
anims/Part19 = SubResource( 13 )
anims/Part2 = SubResource( 14 )
anims/Part20 = SubResource( 15 )
anims/Part21 = SubResource( 16 )
anims/Part3 = SubResource( 17 )
anims/Part4 = SubResource( 18 )
anims/Part5 = SubResource( 19 )
anims/Part6 = SubResource( 20 )
anims/Part7 = SubResource( 21 )
anims/Part8 = SubResource( 22 )
anims/Part9 = SubResource( 23 )
blend_times = [  ]

[node name="ParallaxBackground" parent="." index="7" instance=ExtResource( 8 )]

texture = ExtResource( 9 )

[node name="Enemigos" type="Node2D" parent="." index="8"]

[node name="Enemigo" parent="Enemigos" index="0" instance=ExtResource( 10 )]

position = Vector2( 716, 320 )
_sections_unfolded = [ "Transform", "Z Index" ]

[node name="Caracol" parent="Enemigos/Enemigo" index="2" instance=ExtResource( 11 )]

_sections_unfolded = [ "Collision", "Transform" ]
MIRA_DERECHA = true

[node name="Enemigo2" parent="Enemigos" index="1" instance=ExtResource( 10 )]

editor/display_folded = true
position = Vector2( 1720, 320 )

[node name="Dino" parent="Enemigos/Enemigo2" index="2" instance=ExtResource( 12 )]

Chispa = ExtResource( 13 )

[node name="Enemigo3" parent="Enemigos" index="2" instance=ExtResource( 10 )]

position = Vector2( 1376, 256 )

[node name="Dino" parent="Enemigos/Enemigo3" index="2" instance=ExtResource( 12 )]

position = Vector2( -12, 8 )

[node name="Items" type="Node2D" parent="." index="9"]

editor/display_folded = true
__meta__ = {
"_edit_group_": true,
"_edit_lock_": true
}

[node name="Carne" parent="Items" index="0" instance=ExtResource( 14 )]

position = Vector2( 1072, 120 )

[node name="Carne2" parent="Items" index="1" instance=ExtResource( 14 )]

position = Vector2( 1456, 136 )

[node name="Carne3" parent="Items" index="2" instance=ExtResource( 14 )]

position = Vector2( 1680, 296 )

[node name="Familia" type="Node2D" parent="." index="10"]

editor/display_folded = true
__meta__ = {
"_edit_group_": true,
"_edit_lock_": true
}

[node name="Esposa" parent="Familia" index="0" instance=ExtResource( 15 )]

material = SubResource( 25 )
position = Vector2( 79, 320 )

[node name="Esposa2" parent="Familia" index="1" instance=ExtResource( 15 )]

material = SubResource( 26 )
position = Vector2( 153, 288 )
flip_h = true
_sections_unfolded = [ "Animation", "Material", "Transform" ]
rubia = true
mira_derecha = true

[node name="Esposa3" parent="Familia" index="2" instance=ExtResource( 15 )]

material = SubResource( 27 )
position = Vector2( 389, 304 )
rubia = true

[node name="Esposa4" parent="Familia" index="3" instance=ExtResource( 15 )]

material = SubResource( 28 )
position = Vector2( 1932, 320 )

[node name="Esposa5" parent="Familia" index="4" instance=ExtResource( 15 )]

material = SubResource( 29 )
position = Vector2( 2051, 288 )
rubia = true

[node name="Esposa6" parent="Familia" index="5" instance=ExtResource( 15 )]

material = SubResource( 30 )
position = Vector2( 2243, 304 )
rubia = true

[node name="Bebe" parent="Familia" index="6" instance=ExtResource( 16 )]

material = SubResource( 31 )
position = Vector2( 59, 320 )
mira_derecha = false

[node name="Bebe2" parent="Familia" index="7" instance=ExtResource( 16 )]

material = SubResource( 32 )
position = Vector2( 318, 304 )
flip_h = true
rubia = true
mira_derecha = true

[node name="Bebe3" parent="Familia" index="8" instance=ExtResource( 16 )]

material = SubResource( 33 )
position = Vector2( 1912, 320 )
mira_derecha = false

[node name="Bebe4" parent="Familia" index="9" instance=ExtResource( 16 )]

material = SubResource( 34 )
position = Vector2( 2183, 304 )
rubia = true
mira_derecha = false

[node name="Textos" type="Node2D" parent="." index="11"]

editor/display_folded = true
__meta__ = {
"_edit_group_": true,
"_edit_lock_": true
}

[node name="GloboText1" parent="Textos" index="0" instance=ExtResource( 17 )]

visible = false
position = Vector2( 8, 240 )
_sections_unfolded = [ "Pause", "Transform" ]
texto = "me llamo dave el veloz.
corro como el viento y
salto cabañas de un
sólo bote."
COLOR_FONDO_S = "ROJO"
USAR_PIQUITO = true
POSITION_PIQUITO = 3

[node name="GloboText2" parent="Textos" index="1" instance=ExtResource( 17 )]

visible = false
position = Vector2( 8, 248 )
texto = "ya es hora de que
skyler, eddy y yo
vayamos de caza."
COLOR_FONDO_S = "ROJO"
USAR_PIQUITO = true
POSITION_PIQUITO = 3

[node name="GloboText3" parent="Textos" index="2" instance=ExtResource( 17 )]

visible = false
position = Vector2( 48, 256 )
_sections_unfolded = [ "Pause", "Transform" ]
texto = "¡que tengas un
buen día, cariño!"
COLOR_FONDO_S = "AZUL"
USAR_PIQUITO = true
POSITION_PIQUITO = 3

[node name="GloboText4" parent="Textos" index="3" instance=ExtResource( 17 )]

visible = false
position = Vector2( 288, 248 )
_sections_unfolded = [ "Pause", "Transform" ]
texto = "soy eddy el fuerte."
COLOR_FONDO_S = "MARRON"
USAR_PIQUITO = true
POSITION_PIQUITO = 7

[node name="GloboText5" parent="Textos" index="4" instance=ExtResource( 17 )]

visible = false
position = Vector2( 288, 232 )
_sections_unfolded = [ "Pause", "Transform" ]
texto = "puedo bloquear lo
que sea con mi
escudo."
COLOR_FONDO_S = "MARRON"
USAR_PIQUITO = true
POSITION_PIQUITO = 7

[node name="GloboText6" parent="Textos" index="5" instance=ExtResource( 17 )]

visible = false
position = Vector2( 88, 208 )
_sections_unfolded = [ "Pause", "Transform" ]
texto = "soy skyler el fiero,
el vikingo más fuerte
de la tierra. nadie
me puede ganar."
COLOR_FONDO_S = "VERDE"
USAR_PIQUITO = true
POSITION_PIQUITO = 11

[node name="GloboText7" parent="Textos" index="6" instance=ExtResource( 17 )]

visible = false
position = Vector2( 1848, 264 )
_sections_unfolded = [ "Pause", "Transform" ]
texto = "otro buen día
de caza."
COLOR_FONDO_S = "ROJO"
USAR_PIQUITO = true
POSITION_PIQUITO = 3

[node name="GloboText8" parent="Textos" index="7" instance=ExtResource( 17 )]

visible = false
position = Vector2( 1848, 248 )
_sections_unfolded = [ "Pause", "Transform" ]
texto = "la vida es buena,
espero no tener
que dejar mi
pueblo amado."
COLOR_FONDO_S = "ROJO"
USAR_PIQUITO = true
POSITION_PIQUITO = 3

[node name="GloboText9" parent="Textos" index="8" instance=ExtResource( 17 )]

visible = false
position = Vector2( 1896, 264 )
_sections_unfolded = [ "Pause", "Transform" ]
texto = "¡mi héroe!"
COLOR_FONDO_S = "AZUL"
USAR_PIQUITO = true
POSITION_PIQUITO = 3

[node name="GloboText10" parent="Textos" index="9" instance=ExtResource( 17 )]

visible = false
position = Vector2( 88, 176 )
_sections_unfolded = [ "Pause", "Transform" ]
texto = "esa misma noche..."
COLOR_FONDO_S = "AZUL"
POSITION_PIQUITO = 3

[node name="Barrera" parent="." index="12" instance=ExtResource( 18 )]

editor/display_folded = true
position = Vector2( 912, 320 )

[node name="CollisionShape2D" type="CollisionShape2D" parent="Barrera" index="2"]

shape = SubResource( 35 )

[node name="Piezas" type="Node2D" parent="Barrera" index="3"]

editor/display_folded = true
_sections_unfolded = [ "Transform" ]
__meta__ = {
"_edit_group_": true
}

[node name="Sprite" type="Sprite" parent="Barrera/Piezas" index="0"]

editor/display_folded = true
position = Vector2( -8, 8 )
texture = ExtResource( 19 )
vframes = 2
hframes = 2
frame = 2
_sections_unfolded = [ "Animation", "Transform" ]
__meta__ = {
"_edit_group_": true
}

[node name="BloqueIndividual" parent="Barrera/Piezas/Sprite" index="0" instance=ExtResource( 20 )]

visible = false

[node name="Sprite2" type="Sprite" parent="Barrera/Piezas" index="1"]

editor/display_folded = true
position = Vector2( -8, -8 )
texture = ExtResource( 19 )
vframes = 2
hframes = 2
_sections_unfolded = [ "Animation", "Transform" ]
__meta__ = {
"_edit_group_": true
}

[node name="BloqueIndividual" parent="Barrera/Piezas/Sprite2" index="0" instance=ExtResource( 20 )]

visible = false

[node name="Sprite3" type="Sprite" parent="Barrera/Piezas" index="2"]

editor/display_folded = true
position = Vector2( 8, -8 )
texture = ExtResource( 19 )
vframes = 2
hframes = 2
frame = 1
_sections_unfolded = [ "Animation", "Transform" ]
__meta__ = {
"_edit_group_": true
}

[node name="BloqueIndividual" parent="Barrera/Piezas/Sprite3" index="0" instance=ExtResource( 20 )]

visible = false

[node name="Sprite4" type="Sprite" parent="Barrera/Piezas" index="3"]

editor/display_folded = true
position = Vector2( 8, 8 )
texture = ExtResource( 19 )
vframes = 2
hframes = 2
frame = 3
_sections_unfolded = [ "Animation", "Transform" ]
__meta__ = {
"_edit_group_": true
}

[node name="BloqueIndividual" parent="Barrera/Piezas/Sprite4" index="0" instance=ExtResource( 20 )]

visible = false

[node name="PersigueCamara" type="Node2D" parent="." index="13"]

position = Vector2( -256, 224 )
script = ExtResource( 21 )
_sections_unfolded = [ "Transform" ]

[node name="Noche" type="Node2D" parent="." index="14"]

editor/display_folded = true
visible = false

[node name="ZZZ1" parent="Noche" index="0" instance=ExtResource( 22 )]

position = Vector2( 54.4, 192 )
_sections_unfolded = [ "Transform" ]

[node name="ZZZ2" parent="Noche" index="1" instance=ExtResource( 22 )]

position = Vector2( 165, 168 )
_sections_unfolded = [ "Transform" ]

[node name="ZZZ3" parent="Noche" index="2" instance=ExtResource( 22 )]

position = Vector2( 357, 187 )
_sections_unfolded = [ "Transform" ]

[node name="Nave" type="Sprite" parent="Noche" index="3"]

position = Vector2( -256, 224 )
texture = ExtResource( 23 )
_sections_unfolded = [ "Offset", "Transform" ]

[node name="Estrellitas" parent="Noche/Nave" index="0" instance=ExtResource( 24 )]

visible = false
position = Vector2( 0, 28 )
_sections_unfolded = [ "Animation", "Transform" ]

[node name="Dave" type="Sprite" parent="Noche" index="4"]

position = Vector2( 48, 304 )
z_index = -10
texture = ExtResource( 25 )
vframes = 11
hframes = 8
frame = 23
_sections_unfolded = [ "Transform" ]

[node name="Skyler" type="Sprite" parent="Noche" index="5"]

position = Vector2( 176, 272 )
z_index = -10
texture = ExtResource( 26 )
vframes = 9
hframes = 10
frame = 22
_sections_unfolded = [ "Animation", "Transform" ]

[node name="Eddy" type="Sprite" parent="Noche" index="6"]

position = Vector2( 368, 296 )
z_index = -10
texture = ExtResource( 27 )
vframes = 9
hframes = 9
frame = 42
_sections_unfolded = [ "Animation", "Transform" ]

[node name="Background" type="Node2D" parent="Noche" index="7"]

editor/display_folded = true

[node name="Luna" type="Sprite" parent="Noche/Background" index="0"]

position = Vector2( 65, 140 )
z_index = -12
texture = ExtResource( 28 )
centered = false
_sections_unfolded = [ "Offset" ]

[node name="Estrellita1" type="Sprite" parent="Noche/Background" index="1"]

position = Vector2( 33, 144 )
z_index = -12
texture = ExtResource( 29 )
centered = false
_sections_unfolded = [ "Transform" ]

[node name="Estrellita2" type="Sprite" parent="Noche/Background" index="2"]

position = Vector2( 16, 184 )
z_index = -12
texture = ExtResource( 29 )
centered = false
_sections_unfolded = [ "Transform" ]

[node name="Estrellita3" type="Sprite" parent="Noche/Background" index="3"]

position = Vector2( 180, 153 )
z_index = -12
texture = ExtResource( 29 )
centered = false
_sections_unfolded = [ "Transform" ]

[node name="Estrella1" type="Sprite" parent="Noche/Background" index="4"]

position = Vector2( 232, 180 )
z_index = -12
texture = ExtResource( 30 )
centered = false
_sections_unfolded = [ "Transform" ]

[node name="Estrella2" type="Sprite" parent="Noche/Background" index="5"]

position = Vector2( 132, 195 )
z_index = -12
texture = ExtResource( 30 )
centered = false

[node name="Timer" type="Timer" parent="." index="15"]

process_mode = 1
wait_time = 0.4
one_shot = true
autostart = false

[node name="Suelta" type="Area2D" parent="." index="16"]

position = Vector2( 1884, 320 )
input_pickable = true
gravity_vec = Vector2( 0, 1 )
gravity = 98.0
linear_damp = 0.1
angular_damp = 1.0
collision_mask = 224
audio_bus_override = false
audio_bus_name = "Master"
script = ExtResource( 31 )
_sections_unfolded = [ "Transform" ]
__meta__ = {
"_edit_group_": true
}
tecla = "RIGHT"
entra = true
apreta = false

[node name="CollisionShape2D" type="CollisionShape2D" parent="Suelta" index="0"]

shape = SubResource( 36 )
_sections_unfolded = [ "Transform" ]

[connection signal="timeout" from="Timer" to="." method="_on_Timer_timeout"]

[connection signal="area_entered" from="Suelta" to="Suelta" method="_on_Suelta_area_entered"]

[connection signal="area_exited" from="Suelta" to="Suelta" method="_on_Suelta_area_exited"]


