[gd_scene load_steps=11 format=2]

[ext_resource path="res://escenas/Intro/Intro.gd" type="Script" id=1]
[ext_resource path="res://imagenes/SplashScreen.png" type="Texture" id=2]
[ext_resource path="res://escenas/BitmapFont/BitmapFont.tscn" type="PackedScene" id=3]
[ext_resource path="res://escenas/Intro/Vikingos.png" type="Texture" id=4]
[ext_resource path="res://escenas/Intro/Logo.png" type="Texture" id=5]
[ext_resource path="res://imagenes/Opcion.png" type="Texture" id=6]
[ext_resource path="res://escenas/Intro/Cuadrado.png" type="Texture" id=7]

[sub_resource type="Animation" id=1]

resource_name = "ApareceMenu"
length = 1.2
loop = false
step = 0.1
tracks/0/type = "value"
tracks/0/path = NodePath("Logo:position")
tracks/0/interp = 1
tracks/0/loop_wrap = true
tracks/0/imported = false
tracks/0/enabled = true
tracks/0/keys = {
"times": PoolRealArray( 0, 1 ),
"transitions": PoolRealArray( 1, 1 ),
"update": 0,
"values": [ Vector2( 320, 350 ), Vector2( 320, 90 ) ]
}
tracks/1/type = "value"
tracks/1/path = NodePath("Vikingos:modulate")
tracks/1/interp = 1
tracks/1/loop_wrap = true
tracks/1/imported = false
tracks/1/enabled = true
tracks/1/keys = {
"times": PoolRealArray( 0, 1 ),
"transitions": PoolRealArray( 1, 1 ),
"update": 0,
"values": [ Color( 1, 1, 1, 1 ), Color( 1, 1, 1, 0 ) ]
}
tracks/2/type = "value"
tracks/2/path = NodePath("Menu:modulate")
tracks/2/interp = 1
tracks/2/loop_wrap = true
tracks/2/imported = false
tracks/2/enabled = true
tracks/2/keys = {
"times": PoolRealArray( 0.8, 1.1 ),
"transitions": PoolRealArray( 1, 1 ),
"update": 0,
"values": [ Color( 1, 1, 1, 0 ), Color( 1, 1, 1, 1 ) ]
}
tracks/3/type = "method"
tracks/3/path = NodePath(".")
tracks/3/interp = 1
tracks/3/loop_wrap = true
tracks/3/imported = false
tracks/3/enabled = true
tracks/3/keys = {
"times": PoolRealArray( 0.8 ),
"transitions": PoolRealArray( 1 ),
"values": [ {
"args": [  ],
"method": "set_state2"
} ]
}

[sub_resource type="Animation" id=2]

resource_name = "FadeOut"
length = 1.0
loop = false
step = 0.1
tracks/0/type = "value"
tracks/0/path = NodePath("Logo:modulate")
tracks/0/interp = 1
tracks/0/loop_wrap = true
tracks/0/imported = false
tracks/0/enabled = true
tracks/0/keys = {
"times": PoolRealArray( 0, 1 ),
"transitions": PoolRealArray( 1, 1 ),
"update": 0,
"values": [ Color( 1, 1, 1, 1 ), Color( 1, 1, 1, 0 ) ]
}
tracks/1/type = "value"
tracks/1/path = NodePath("Menu:modulate")
tracks/1/interp = 1
tracks/1/loop_wrap = true
tracks/1/imported = false
tracks/1/enabled = true
tracks/1/keys = {
"times": PoolRealArray( 0, 1 ),
"transitions": PoolRealArray( 1, 1 ),
"update": 0,
"values": [ Color( 1, 1, 1, 1 ), Color( 1, 1, 1, 0 ) ]
}
tracks/2/type = "value"
tracks/2/path = NodePath(".:volume")
tracks/2/interp = 1
tracks/2/loop_wrap = true
tracks/2/imported = false
tracks/2/enabled = true
tracks/2/keys = {
"times": PoolRealArray( 0, 1 ),
"transitions": PoolRealArray( 1, 1 ),
"update": 0,
"values": [ 1.0, 0 ]
}
tracks/3/type = "value"
tracks/3/path = NodePath("partidas:modulate")
tracks/3/interp = 1
tracks/3/loop_wrap = true
tracks/3/imported = false
tracks/3/enabled = true
tracks/3/keys = {
"times": PoolRealArray( 0, 1 ),
"transitions": PoolRealArray( 1, 1 ),
"update": 0,
"values": [ Color( 1, 1, 1, 1 ), Color( 1, 1, 1, 0 ) ]
}
tracks/4/type = "value"
tracks/4/path = NodePath("Sprite2:modulate")
tracks/4/interp = 1
tracks/4/loop_wrap = true
tracks/4/imported = false
tracks/4/enabled = true
tracks/4/keys = {
"times": PoolRealArray( 0, 1 ),
"transitions": PoolRealArray( 1, 1 ),
"update": 0,
"values": [ Color( 1, 1, 1, 1 ), Color( 1, 1, 1, 0 ) ]
}

[sub_resource type="Animation" id=3]

length = 10.98
loop = false
step = 0.5
tracks/0/type = "value"
tracks/0/path = NodePath("CESAR:modulate")
tracks/0/interp = 1
tracks/0/loop_wrap = true
tracks/0/imported = false
tracks/0/enabled = true
tracks/0/keys = {
"times": PoolRealArray( 0, 1, 1.5 ),
"transitions": PoolRealArray( 1, 1, 1 ),
"update": 0,
"values": [ Color( 1, 1, 1, 1 ), Color( 1, 1, 1, 1 ), Color( 1, 1, 1, 0 ) ]
}
tracks/1/type = "value"
tracks/1/path = NodePath("Texto1:modulate")
tracks/1/interp = 1
tracks/1/loop_wrap = true
tracks/1/imported = false
tracks/1/enabled = true
tracks/1/keys = {
"times": PoolRealArray( 0, 1, 1.5, 6.5, 7.5 ),
"transitions": PoolRealArray( 1, 1, 1, 1, 1 ),
"update": 0,
"values": [ Color( 1, 1, 1, 0 ), Color( 1, 1, 1, 0 ), Color( 1, 1, 1, 1 ), Color( 1, 1, 1, 1 ), Color( 1, 1, 1, 0 ) ]
}
tracks/2/type = "value"
tracks/2/path = NodePath("Vikingos:modulate")
tracks/2/interp = 1
tracks/2/loop_wrap = true
tracks/2/imported = false
tracks/2/enabled = true
tracks/2/keys = {
"times": PoolRealArray( 0, 7, 7.5 ),
"transitions": PoolRealArray( 1, 1, 1 ),
"update": 0,
"values": [ Color( 1, 1, 1, 0 ), Color( 1, 1, 1, 0 ), Color( 1, 1, 1, 1 ) ]
}
tracks/3/type = "value"
tracks/3/path = NodePath("Logo:position")
tracks/3/interp = 1
tracks/3/loop_wrap = false
tracks/3/imported = false
tracks/3/enabled = true
tracks/3/keys = {
"times": PoolRealArray( 0, 8, 8.2, 8.4, 8.6, 8.8, 9, 9.1, 9.2, 9.35, 9.45 ),
"transitions": PoolRealArray( 1, 1, 1, 1, 1, 1, 1, 1, 1, 1, 1 ),
"update": 0,
"values": [ Vector2( 320, -65 ), Vector2( 320, -65 ), Vector2( 320, 0 ), Vector2( 320, 100 ), Vector2( 320, 220 ), Vector2( 320, 350 ), Vector2( 320, 300 ), Vector2( 320, 280 ), Vector2( 320, 280 ), Vector2( 320, 325 ), Vector2( 320, 350 ) ]
}
tracks/4/type = "method"
tracks/4/path = NodePath(".")
tracks/4/interp = 1
tracks/4/loop_wrap = false
tracks/4/imported = false
tracks/4/enabled = true
tracks/4/keys = {
"times": PoolRealArray( 8.8, 9.46 ),
"transitions": PoolRealArray( 1, 1 ),
"values": [ {
"args": [  ],
"method": "shake"
}, {
"args": [  ],
"method": "shake"
} ]
}

[node name="Intro" type="Node" index="0"]

script = ExtResource( 1 )
_sections_unfolded = [ "Pause" ]
volume = 0

[node name="Camera2D" type="Camera2D" parent="." index="0"]

position = Vector2( 320, 224 )
anchor_mode = 1
rotating = false
current = true
zoom = Vector2( 1, 1 )
limit_left = -10000000
limit_top = -10000000
limit_right = 10000000
limit_bottom = 10000000
limit_smoothed = false
drag_margin_h_enabled = false
drag_margin_v_enabled = false
smoothing_enabled = true
smoothing_speed = 10.0
offset_v = 0.0
offset_h = 0.0
drag_margin_left = 0.2
drag_margin_top = 0.2
drag_margin_right = 0.2
drag_margin_bottom = 0.2
editor_draw_screen = true
editor_draw_limits = false
editor_draw_drag_margin = false
_sections_unfolded = [ "Drag Margin", "Smoothing", "Transform", "Visibility" ]

[node name="CESAR" type="Sprite" parent="." index="1"]

modulate = Color( 1, 1, 1, 0 )
position = Vector2( 320, 224 )
texture = ExtResource( 2 )
_sections_unfolded = [ "Visibility" ]

[node name="AnimationPlayer" type="AnimationPlayer" parent="." index="2"]

root_node = NodePath("..")
autoplay = "Play"
playback_process_mode = 1
playback_default_blend_time = 0.0
playback_speed = 1.0
anims/ApareceMenu = SubResource( 1 )
anims/FadeOut = SubResource( 2 )
anims/Play = SubResource( 3 )
blend_times = [  ]

[node name="Texto1" type="Node2D" parent="." index="3"]

modulate = Color( 1, 1, 1, 0 )
_sections_unfolded = [ "Visibility" ]

[node name="BitmapFont" parent="Texto1" index="0" instance=ExtResource( 3 )]

position = Vector2( 111, 148 )
scale = Vector2( 2, 2 )
_sections_unfolded = [ "Transform" ]
Texto = "



       programación
      cesar lorenzon"

[node name="Vikingos" type="Sprite" parent="." index="4"]

position = Vector2( 320, 224 )
scale = Vector2( 2, 2 )
texture = ExtResource( 4 )
_sections_unfolded = [ "Transform", "Visibility" ]

[node name="Logo" type="Sprite" parent="." index="5"]

position = Vector2( 320, -65 )
scale = Vector2( 2, 2 )
texture = ExtResource( 5 )
_sections_unfolded = [ "Transform", "Visibility" ]

[node name="Sprite2" type="Sprite" parent="." index="6"]

visible = false
position = Vector2( 210, 260 )
scale = Vector2( 2, 2 )
texture = ExtResource( 6 )
_sections_unfolded = [ "Transform", "Visibility" ]

[node name="Menu" type="Node2D" parent="." index="7"]

modulate = Color( 1, 1, 1, 0 )
_sections_unfolded = [ "Visibility" ]

[node name="BitmapFont" parent="Menu" index="0" instance=ExtResource( 3 )]

position = Vector2( 250, 220 )
scale = Vector2( 2, 2 )
_sections_unfolded = [ "Transform" ]
Texto = "nuevo juego--sonido--password--salir"

[node name="BitmapFont2" parent="Menu" index="1" instance=ExtResource( 3 )]

position = Vector2( 378, 252 )
scale = Vector2( 2, 2 )
_sections_unfolded = [ "Transform" ]
Texto = "on"

[node name="Sprite" type="Sprite" parent="Menu" index="2"]

position = Vector2( 210, 228 )
scale = Vector2( 2, 2 )
texture = ExtResource( 6 )
_sections_unfolded = [ "Transform" ]

[node name="Password" type="Node2D" parent="." index="8"]

editor/display_folded = true
visible = false
_sections_unfolded = [ "Visibility" ]

[node name="BitmapFont" parent="Password" index="0" instance=ExtResource( 3 )]

position = Vector2( 180, 220 )
scale = Vector2( 2, 2 )
_sections_unfolded = [ "Transform" ]
Texto = "ingrese el password"

[node name="BitmapFont3" parent="Password" index="1" instance=ExtResource( 3 )]

visible = false
position = Vector2( 196, 220 )
scale = Vector2( 2, 2 )
_sections_unfolded = [ "Transform" ]
Texto = "password inválido"

[node name="BitmapFont2" parent="Password" index="2" instance=ExtResource( 3 )]

position = Vector2( 298, 252 )
scale = Vector2( 2, 2 )
_sections_unfolded = [ "Transform" ]
Texto = "GR8T"

[node name="Cuadrado" type="Sprite" parent="Password" index="3"]

position = Vector2( 308, 260 )
scale = Vector2( 2, 2 )
texture = ExtResource( 7 )
_sections_unfolded = [ "Transform" ]

[node name="Timer" type="Timer" parent="." index="9"]

process_mode = 1
wait_time = 2.0
one_shot = true
autostart = false

[node name="Timer2" type="Timer" parent="." index="10"]

process_mode = 1
wait_time = 0.3
one_shot = true
autostart = false

[node name="Timer3" type="Timer" parent="." index="11"]

process_mode = 1
wait_time = 0.23
one_shot = true
autostart = false

[node name="Texto2" type="Node2D" parent="." index="12"]

[node name="BitmapFont" parent="Texto2" index="0" instance=ExtResource( 3 )]

position = Vector2( 170, 420 )
scale = Vector2( 2, 2 )
_sections_unfolded = [ "Transform" ]
Texto = "presiona una tecla"

[node name="Timer4" type="Timer" parent="." index="13"]

process_mode = 1
wait_time = 0.5
one_shot = false
autostart = false

[node name="partidas" parent="." index="14" instance=ExtResource( 3 )]

visible = false
_sections_unfolded = [ "Visibility" ]

[connection signal="animation_finished" from="AnimationPlayer" to="." method="_on_animation_finished"]

[connection signal="timeout" from="Timer" to="." method="_on_Timer_timeout"]

[connection signal="timeout" from="Timer2" to="." method="_on_Timer2_timeout"]

[connection signal="timeout" from="Timer3" to="." method="_on_Timer3_timeout"]

[connection signal="timeout" from="Timer4" to="." method="_on_Timer4_timeout"]


