[gd_scene load_steps=5 format=2]

[ext_resource path="res://objetos/Puertas/Espacial/Puerta.gd" type="Script" id=1]
[ext_resource path="res://objetos/Puertas/Espacial/Puerta.png" type="Texture" id=2]

[sub_resource type="Animation" id=1]

resource_name = "Abrir"
length = 0.1
loop = false
step = 0.05
tracks/0/type = "value"
tracks/0/path = NodePath("Sprite:frame")
tracks/0/interp = 0
tracks/0/loop_wrap = true
tracks/0/imported = false
tracks/0/enabled = true
tracks/0/keys = {
"times": PoolRealArray( 0, 0.05, 0.1 ),
"transitions": PoolRealArray( 1, 1, 1 ),
"update": 1,
"values": [ 1, 2, 3 ]
}

[sub_resource type="Animation" id=2]

resource_name = "Cerrar"
length = 0.1
loop = false
step = 0.05
tracks/0/type = "value"
tracks/0/path = NodePath("Sprite:frame")
tracks/0/interp = 1
tracks/0/loop_wrap = true
tracks/0/imported = false
tracks/0/enabled = true
tracks/0/keys = {
"times": PoolRealArray( 0, 0.05, 0.1 ),
"transitions": PoolRealArray( 1, 1, 1 ),
"update": 1,
"values": [ 2, 1, 0 ]
}

[node name="Puerta" type="Node2D" index="0"]

z_index = 8
script = ExtResource( 1 )
_sections_unfolded = [ "Z Index" ]
AUTOMATICA = null
SE_CIERRA = null

[node name="Area2D" type="Area2D" parent="." index="0"]

input_pickable = true
gravity_vec = Vector2( 0, 1 )
gravity = 98.0
linear_damp = 0.1
angular_damp = 1.0
audio_bus_override = false
audio_bus_name = "Master"

[node name="CollisionPolygon2D" type="CollisionPolygon2D" parent="Area2D" index="0"]

build_mode = 0
polygon = PoolVector2Array( -16, 0, 32, 0, 32, 48, -16, 48 )

[node name="StaticBody2D" type="StaticBody2D" parent="." index="1"]

editor/display_folded = true
input_pickable = false
collision_layer = 12
collision_mask = 0
constant_linear_velocity = Vector2( 0, 0 )
constant_angular_velocity = 0.0
friction = 1.0
bounce = 0.0
_sections_unfolded = [ "Collision" ]

[node name="CollisionPolygon2D" type="CollisionPolygon2D" parent="StaticBody2D" index="0"]

build_mode = 0
polygon = PoolVector2Array( 0, 0, 8, 0, 8, 48, 0, 48 )

[node name="CollisionPolygon2D2" type="CollisionPolygon2D" parent="StaticBody2D" index="1"]

build_mode = 0
polygon = PoolVector2Array( 8, 0, 16, 0, 16, 48, 8, 48 )

[node name="Sprite" type="Sprite" parent="." index="2"]

position = Vector2( 8, 24 )
texture = ExtResource( 2 )
hframes = 4
_sections_unfolded = [ "Animation" ]

[node name="AnimationPlayer" type="AnimationPlayer" parent="." index="3"]

root_node = NodePath("..")
autoplay = ""
playback_process_mode = 1
playback_default_blend_time = 0.0
playback_speed = 1.0
anims/Abrir = SubResource( 1 )
anims/Cerrar = SubResource( 2 )
blend_times = [  ]

[connection signal="area_entered" from="Area2D" to="." method="_on_area_entered"]

[connection signal="area_exited" from="Area2D" to="." method="_on_area_exited"]

[connection signal="body_entered" from="Area2D" to="." method="_on_body_entered"]

[connection signal="body_exited" from="Area2D" to="." method="_on_body_exited"]


